@string{jgr = "J.~Geophys.~Res."}
@STRING {JASA = "J. Acoust. Soc. Am."}

@article{STEGEN1975447,
title = {A portable, digital recording, expendable bathythermograph (XBT) system},
journal = {Deep Sea Research and Oceanographic Abstracts},
volume = {22},
number = {6},
pages = {447-453},
year = {1975},
issn = {0011-7471},
doi = {https://doi.org/10.1016/0011-7471(75)90067-4},
url = {https://www.sciencedirect.com/science/article/pii/0011747175900674},
author = {Gilbert R. Stegen and Donald P. Delisi and Rudy C. {Von Colln}},
abstract = {A new system utilizing expendable bathythermograph (XBT) probes to measure the vertical temperature structure in the ocean is described. The system produces a digital record and offers several important advantages over the standard analog recording system commonly used. Data taken with the new system in the New York Bight are presented.}
}

@book{rashid1999circuitos,
  title={Circuitos microelectr{\'o}nicos an{\'a}lisis y dise{\~n}o},
  author={Rashid, M.H. and Salas, R.N.},
  isbn={9789687529790},
  url={https://books.google.com.ar/books?id=PWGoAAAACAAJ},
  year={1999},
  publisher={Thomson}
}

@INBOOK{sippican,
   title = "INSTRUCTION MANUAL for the EXPENDABLE BATHYTHERMOGRAPH SYSTEM",
   edition = "R-603G",
   year = 1972,
   publisher = "The Sippican Corporation"
   }

@INBOOK{chicago,
   title = "The Chicago Manual of Style",
   publisher = "University of Chicago Press",
   edition = "Thirteenth",
   year = 1982,
   pages = "400--401",
   key = "Chicago"
   }

@TechReport{AN4073,
	author = {STMicroelectronics},
	title  ={\textit{``How to improve ADC accuracy when using STM32F2xx and STM32F4xx microcontrollers''}},
	year = {2013},
	institution = {STMicroelectronics},
	type={\uppercase{DocID022945 Rev 5}},
	comentarios= {Esto no va a salir en la bibliografía pero puede servir para almacenar información de control}	
	}
}

@TechReport{Blanc_Milou2009,
	author = {Blanc, S. and De Milou, M. E.},
	title  ={\textit{``Dispersión acústica (scattering) producida por esferoides prolados. I PARTE: Fundamentación Teórica''}},
	year = {2009},
	institution = {DAS, SIID},
	type={\uppercase{INF. TEC. AS 3/09}},
	comentarios= {Esto no va a salir en la bibliografía pero puede servir para almacenar información de control}	
	}


@INBOOK{ltspice,
   title = "LTspice, a high performance SPICE simulation software",
   url={https://www.analog.com/en/design-center/design-tools-and-calculators/ltspice-simulator.html},
   year = 2021,
   publisher={LTspice Simulator | Analog Devices},
   note = {Accedido: 2021-10-06}
   }


@BOOK{DGMS,
	author={C. Flammer},
	title= {\textit{``Spheroidal Wave Functions''}},
	publisher= {Stanford University Press, Stanford, CA},
	year={1957},
	}


@MISC{rect,
   author = {{RECTIFICADORES INTERNACIONALES S.A.}},
   note = {Fabricación de semiconductores de corriente, hoja de datos.},
   year = 2005
   }

@BOOK{hept,
	author={C. S. Clay and H. Medwin},
	title={\textit{``Acoustical Oceanography: Principles and Aplications''}},
	publisher={John Wiley and Sons, Inc.},
	year={1977},
	}
	

@ARTICLE{Hal,
	author={J. P. Barton and N. L. Wolf and H. Zhang and C. Tarawneh},
	title={\textit{``Near-field calculations for a rigid spheroid with an arbitrary
incident acoustic field''}},
	journal=JASA,
	number={3},
	volume={113},
	pages={1216--1222},
	year={2003},
	}
